{
  "leader": "05367cam a2200445 a 4500",
  "fields": [
    {
      "001": "ocm36961037\\"
    },
    {
      "003": "OCoLC"
    },
    {
      "005": "20220630144943.0"
    },
    {
      "008": "970516s1997\\\\\\\\mou\\\\\\\\\\\\b\\\\\\\\001\\0\\eng\\\\"
    },
    {
      "010": {
        "ind1": "\\",
        "ind2": "\\",
        "subfields": [
          {
            "a": "   97017515 "
          }
        ]
      }
    },
    {
      "040": {
        "ind1": "\\",
        "ind2": "\\",
        "subfields": [
          {
            "a": "DLC"
          },
          {
            "b": "eng"
          },
          {
            "c": "DLC"
          },
          {
            "d": "VVC"
          },
          {
            "d": "UKM"
          },
          {
            "d": "BAKER"
          },
          {
            "d": "NLGGC"
          },
          {
            "d": "BTCTA"
          },
          {
            "d": "YDXCP"
          },
          {
            "d": "UBC"
          },
          {
            "d": "GEBAY"
          },
          {
            "d": "BDX"
          },
          {
            "d": "OCLCO"
          },
          {
            "d": "OCLCF"
          },
          {
            "d": "OCLCQ"
          },
          {
            "d": "OCL"
          },
          {
            "d": "OCLCQ"
          },
          {
            "d": "DEBBG"
          },
          {
            "d": "OCL"
          },
          {
            "d": "DHA"
          },
          {
            "d": "SNN"
          },
          {
            "d": "OCLCQ"
          },
          {
            "d": "IL4J6"
          },
          {
            "d": "OCLCO"
          },
          {
            "d": "OCL"
          },
          {
            "d": "NIU"
          },
          {
            "d": "OCLCO"
          },
          {
            "d": "CZL"
          },
          {
            "d": "OCLCO"
          }
        ]
      }
    },
    {
      "019": {
        "ind1": "\\",
        "ind2": "\\",
        "subfields": [
          {
            "a": "1001119285"
          },
          {
            "a": "1224029142"
          },
          {
            "a": "1224581664"
          },
          {
            "a": "1226061539"
          },
          {
            "a": "1226765648"
          },
          {
            "a": "1227396279"
          },
          {
            "a": "1227977643"
          },
          {
            "a": "1228898509"
          },
          {
            "a": "1229937701"
          },
          {
            "a": "1231453940"
          },
          {
            "a": "1232073848"
          }
        ]
      }
    },
    {
      "020": {
        "ind1": "\\",
        "ind2": "\\",
        "subfields": [
          {
            "a": "082621133X"
          },
          {
            "q": "(alk. paper)"
          }
        ]
      }
    },
    {
      "020": {
        "ind1": "\\",
        "ind2": "\\",
        "subfields": [
          {
            "a": "9780826211330"
          },
          {
            "q": "(alk. paper)"
          }
        ]
      }
    },
    {
      "035": {
        "ind1": "\\",
        "ind2": "\\",
        "subfields": [
          {
            "a": "(OCoLC)36961037"
          },
          {
            "z": "(OCoLC)1001119285"
          },
          {
            "z": "(OCoLC)1224029142"
          },
          {
            "z": "(OCoLC)1224581664"
          },
          {
            "z": "(OCoLC)1226061539"
          },
          {
            "z": "(OCoLC)1226765648"
          },
          {
            "z": "(OCoLC)1227396279"
          },
          {
            "z": "(OCoLC)1227977643"
          },
          {
            "z": "(OCoLC)1228898509"
          },
          {
            "z": "(OCoLC)1229937701"
          },
          {
            "z": "(OCoLC)1231453940"
          },
          {
            "z": "(OCoLC)1232073848"
          }
        ]
      }
    },
    {
      "043": {
        "ind1": "\\",
        "ind2": "\\",
        "subfields": [
          {
            "a": "n-us---"
          }
        ]
      }
    },
    {
      "050": {
        "ind1": "0",
        "ind2": "0",
        "subfields": [
          {
            "a": "JK609.5"
          },
          {
            "b": ".A7 1997"
          }
        ]
      }
    },
    {
      "082": {
        "ind1": "0",
        "ind2": "0",
        "subfields": [
          {
            "a": "973.099"
          },
          {
            "b": "ATT"
          }
        ]
      }
    },
    {
      "245": {
        "ind1": "0",
        "ind2": "0",
        "subfields": [
          {
            "a": "At the President's side :"
          },
          {
            "b": "the vice presidency in the twentieth century /"
          },
          {
            "c": "edited by Timothy Walch."
          }
        ]
      }
    },
    {
      "260": {
        "ind1": "\\",
        "ind2": "\\",
        "subfields": [
          {
            "a": "Columbia, Mo. :"
          },
          {
            "b": "University of Missouri Press,"
          },
          {
            "c": "\u00a91997."
          }
        ]
      }
    },
    {
      "300": {
        "ind1": "\\",
        "ind2": "\\",
        "subfields": [
          {
            "a": "xii, 250 pages ;"
          },
          {
            "c": "24 cm"
          }
        ]
      }
    },
    {
      "336": {
        "ind1": "\\",
        "ind2": "\\",
        "subfields": [
          {
            "a": "text"
          },
          {
            "b": "txt"
          },
          {
            "2": "rdacontent"
          }
        ]
      }
    },
    {
      "337": {
        "ind1": "\\",
        "ind2": "\\",
        "subfields": [
          {
            "a": "unmediated"
          },
          {
            "b": "n"
          },
          {
            "2": "rdamedia"
          }
        ]
      }
    },
    {
      "338": {
        "ind1": "\\",
        "ind2": "\\",
        "subfields": [
          {
            "a": "volume"
          },
          {
            "b": "nc"
          },
          {
            "2": "rdacarrier"
          }
        ]
      }
    },
    {
      "504": {
        "ind1": "\\",
        "ind2": "\\",
        "subfields": [
          {
            "a": "Includes bibliographical references (pages 215-225) and index."
          }
        ]
      }
    },
    {
      "505": {
        "ind1": "0",
        "ind2": "\\",
        "subfields": [
          {
            "a": "pt. 1. The fifth wheel, 1905-1933: A shadowed office: the vice presidency and its occupants, 1900-1920 / John Milton Cooper, Jr. The Republican ascendancy: Calvin Coolidge, Charles Dawes, and Charles Curtis as vice presidents / Robert H. Ferrell -- pt. 2. New Deal, old duties, 1933-1953: \"Not worth a pitcher of warm piss\": John Nance Garner as vice president / Elliot A. Rosen. In the shadow of FDR: Henry A. Wallace as vice president / Richard S. Kirkendall. Seasoned politicians : Harry S. Truman and Alben W. Barkley as vice presidents / Robert H. Ferrell -- pt. 3. The springboard, 1953-1963: \"You can be president someday\": Richard M. Nixon as vice president / Richard Norton Smith. Frustration and pain: Lyndon B. Johnson as vice president / Robert Dallek -- pt. 4. Tragedy and crisis, 1965-1973: More agony than ecstasy: Hubert H. Humphrey as vice president / Joel K. Goldstein. \"I'll continue to speak out\": Spiro T. Agnew as vice president / John Robert Greene -- pt. 5. Recovery and reflection, 1973-1981: Gerald R. Ford and Nelson A. Rockefeller: a vice presidential memoir / James Cannon. A new framework: Walter Mondale as vice president / Steven M. Gillon -- pt. 6. At the president's side, 1981-1993: Looking forward: George Bush as vice president / Chase Untermeyer. Standing firm: personal reflections on being vice president / Dan Quayle -- pt. 7. Proximity and power: Vice presidents as national leaders: reflections past, present, and future / Richard E. Neustadt. Defining a public role for vice presidents: a symposium / Hugh Sidey [and others]. Guide to further reading / Timothy Walch."
          }
        ]
      }
    },
    {
      "520": {
        "ind1": "\\",
        "ind2": "\\",
        "subfields": [
          {
            "a": "The essays in this book trace the evolution of the vice presidency in the twentieth century from Theodore Roosevelt to Dan Quayle. The first five chapters tell the stories of a colorful collection of the men chosen because of their native states or their political acumen, but not their leadership abilities. The next four chapters form a mosaic of tragedy. Richard Nixon rose from the vice presidency to the presidency only to be forced from office. Lyndon Johnson's tenure ended unhappily because of the prolonged fighting in Vietnam. Hubert Humphrey was humiliated as vice president by a man who should have known better. And Spiro Agnew was rousted from the office by petty greed. The following four chapters tell the story of a new vice presidency. Nelson Rockefeller, Walter Mondale, George Bush, and Dan Quayle redefined the job that not many people wanted but that few could refuse. In a particularly valuable essay. Quayle reflects on the checkered past of his predecessors, gives credit to Walter Mondale for rehabilitating the vice presidency, and tells of his working relationship with George Bush - offering a unique glimpse of an office that is quickly becoming the second most powerful in the nation. Addressing the future of the office, Richard E. Neustadt provides a detailed analysis of the nucleus of vice presidential power - proximity to the president. To whit, we have Neustadt's maxim: \"The power and influence of a vice president is inversely proportional to the political distance between that vice president and his president. The greater the distance the less the power.\""
          }
        ]
      }
    },
    {
      "650": {
        "ind1": "\\",
        "ind2": "0",
        "subfields": [
          {
            "a": "Vice-presidents"
          },
          {
            "z": "United States"
          },
          {
            "x": "History"
          },
          {
            "y": "20th century."
          }
        ]
      }
    },
    {
      "651": {
        "ind1": "\\",
        "ind2": "0",
        "subfields": [
          {
            "a": "United States"
          },
          {
            "x": "Politics and government"
          },
          {
            "y": "20th century."
          }
        ]
      }
    },
    {
      "650": {
        "ind1": "\\",
        "ind2": "7",
        "subfields": [
          {
            "a": "Politics and government"
          },
          {
            "2": "fast"
          },
          {
            "0": "(OCoLC)fst01919741"
          }
        ]
      }
    },
    {
      "650": {
        "ind1": "\\",
        "ind2": "7",
        "subfields": [
          {
            "a": "Vice-presidents."
          },
          {
            "2": "fast"
          },
          {
            "0": "(OCoLC)fst01166246"
          }
        ]
      }
    },
    {
      "651": {
        "ind1": "\\",
        "ind2": "7",
        "subfields": [
          {
            "a": "United States."
          },
          {
            "2": "fast"
          },
          {
            "0": "(OCoLC)fst01204155"
          }
        ]
      }
    },
    {
      "648": {
        "ind1": "\\",
        "ind2": "7",
        "subfields": [
          {
            "a": "1900-1999"
          },
          {
            "2": "fast"
          }
        ]
      }
    },
    {
      "655": {
        "ind1": "\\",
        "ind2": "7",
        "subfields": [
          {
            "a": "History."
          },
          {
            "2": "fast"
          },
          {
            "0": "(OCoLC)fst01411628"
          }
        ]
      }
    },
    {
      "700": {
        "ind1": "1",
        "ind2": "\\",
        "subfields": [
          {
            "a": "Walch, Timothy,"
          },
          {
            "d": "1947-"
          }
        ]
      }
    },
    {
      "776": {
        "ind1": "0",
        "ind2": "8",
        "subfields": [
          {
            "i": "Online version:"
          },
          {
            "t": "At the President's side."
          },
          {
            "d": "Columbia, Mo. : University of Missouri Press, \u00a91997"
          },
          {
            "w": "(OCoLC)605111053"
          }
        ]
      }
    },
    {
      "856": {
        "ind1": "4",
        "ind2": "2",
        "subfields": [
          {
            "3": "Book review (H-Net)"
          },
          {
            "u": "http://www.h-net.org/review/hrev-a0a7l0-aa"
          }
        ]
      }
    },
    {
      "994": {
        "ind1": "\\",
        "ind2": "\\",
        "subfields": [
          {
            "a": "Z0"
          },
          {
            "b": "NYRVC"
          }
        ]
      }
    },
    {
      "948": {
        "ind1": "\\",
        "ind2": "\\",
        "subfields": [
          {
            "h": "NO HOLDINGS IN NYRVC - 519 OTHER HOLDINGS"
          }
        ]
      }
    },
    {
      "999": {
        "ind1": "\\",
        "ind2": "\\",
        "subfields": [
          {
            "a": "00000000014230"
          }
        ]
      }
    }
  ]
}